2760 5106
423 369 781 446 unuouoolt.
1050 372 1093 449 17

106 598 110 605 ·
234 562 424 645 2·Apologia
433 563 551 624 Erasini
560 563 756 624 Rotarodami
764 563 901 625 refellens
911 564 1094 643 quorundam

312 665 469 729 seditiosos
496 667 643 730 clamores
671 668 747 749 apud
776 669 916 748 populum
943 670 992 748 qui
1014 670 1095 729 reiut

313 774 436 853 impium
456 774 677 833 insectabantur
690 773 768 852 qudd
783 775 906 834 verterit
926 782 945 809 ‘⁸
962 773 999 834 Ic
1014 776 1095 854 prin·
1202 777 1204 781 ’

313 877 391 958 cipio
400 887 465 937 erat
474 876 608 947 Sermo,’'
617 896 683 937 cum
692 877 782 938 filium
794 877 844 938 dei
853 877 911 938 dici
920 878 1096 940 Sermonem

313 981 401 1041 ctiam
414 980 551 1041 hocloco
569 999 664 1059 neque
683 999 790 1041 novum
811 982 893 1042 sitin
906 981 990 1042 libris
1002 984 1096 1044 sacris

313 1103 409 1163 neque
423 1103 522 1144 rarum
536 1085 566 1144 in
583 1083 668 1143 libris
689 1078 921 1147 orthodoxorum
935 1106 991 1147 nec
1005 1088 1097 1148 inusi-

315 1196 409 1248 tatum
446 1186 616 1247 solemniter
645 1187 736 1248 cuitui
764 1185 896 1250 ecciesiae
929 1190 1097 1252 christisnae

315 1310 350 1351 ac
364 1310 424 1352 nou
437 1310 495 1351 una
508 1289 546 1351 de
560 1310 650 1351 causa
662 1290 849 1353 commodum
863 1294 962 1356 etism.

503 1396 576 1455 Bos.
590 1415 639 1476 op.
651 1394 701 1455 Jo.
715 1395 888 1456 Frobesism
902 1417 952 1458 ca.
974 1411 1098 1459 mex.

238 1506 258 1560 9
276 1498 418 1580 Epistola
433 1498 546 1578 aliquot
563 1497 717 1558 Eruditor.
733 1517 884 1577 nunqnam
897 1501 1022 1560 antehac
1046 1521 1099 1562 ex·
1168 1510 1173 1519 '

317 1624 395 1663 cusu
419 1602 517 1663 multis
537 1601 703 1662 nominibus
724 1600 821 1678 digna
840 1622 905 1680 qum
926 1604 1061 1680 legantur
1082 1619 1100 1666 a

317 1707 403 1767 bonis
423 1707 570 1775 omuibus,
600 1725 659 1784 quo
683 1705 775 1782 magis
797 1705 908 1783 liqueat
930 1718 1041 1786 quauta
1062 1711 1101 1770 sit

316 1810 438 1890 insignis
452 1807 606 1886 cujusdam
621 1808 810 1890 sycophantae
824 1809 990 1872 virulentia.

819 1914 892 1975 Sine
905 1936 953 1975 os.
967 1918 1101 1980 ccciccc.

240 2019 328 2081 sno
354 2018 444 2078 trium
471 2017 609 2096 Linguae.
635 2021 671 2076 dc
691 2014 789 2076 Studii
815 2017 961 2097 Theolog.
988 2023 1101 2087 ratione

320 2123 465 2201 Diatogus
478 2143 533 2203 per
544 2121 690 2182 iacobum
701 2121 867 2192 Latomum,
881 2121 986 2183 Theoi.
997 2124 1102 2186 licen*

318 2229 380 2287 tist.
842 2225 1012 2307 Astcerpioe
1025 2235 1103 2289 1519

241 2337 260 2390 5
278 2329 397 2391 Emmi
412 2328 571 2390 Rotterod.
590 2327 741 2408 Apologia
760 2327 899 2390 refellens
920 2331 1102 2409 suspiciones

320 2433 465 2513 quorund.
499 2429 694 2492 dictitantium
729 2431 887 2509 Dialogum
922 2433 962 2493 D.
996 2433 1102 2495 Jacobi

320 2537 435 2597 Latomi
449 2534 488 2596 de
501 2537 597 2596 tribus
608 2537 713 2613 linguis
726 2541 754 2595 ds
768 2538 882 2596 ratione
894 2537 991 2597 Stadii
1003 2537 1103 2598 Theo·

319 2642 377 2719 log.
391 2643 594 2720 conscriptum
608 2639 696 2701 inisse
710 2639 852 2701 adversus
866 2642 973 2719 ipsum.

840 2745 1007 2823 Actoerpioe
1027 2752 1105 2804 1519

243 2859 263 2911 6
282 2850 393 2911 Eximii
409 2849 549 2910 Doctoris
564 2845 744 2925 Hieronymi
760 2846 963 2907 stridonensis
976 2847 1049 2907 Vita
1066 2868 1106 2909 ex

319 2955 411 3033 ipsius
435 2955 619 3034 potissimum
641 2952 748 3012 litteris
769 2959 908 3012 contexte
929 2971 983 3030 per
1006 2952 1105 3031 Desy·

319 3055 438 3144 'derium
454 3059 611 3117 Erasmnm
626 3053 869 3117 ltoterodamum.

432 3161 468 3220 In
485 3163 594 3239 inclyta
608 3160 741 3230 Basileo,
754 3180 804 3240 cp.
817 3160 905 3219 Jocn.
920 3159 1006 3220 Frob.
1028 3168 1107 3222 1519

120 3273 204 3330 5948
224 3264 350 3326 Gibieui
370 3264 545 3342 (Gulielmi)
572 3263 620 3322 De
644 3263 793 3324 Libertate
816 3262 875 3322 Dei
900 3267 928 3321 ds
953 3264 1105 3324 Creatoree

263 3369 347 3430 Libri
361 3368 408 3430 II.
878 3366 1009 3427 Parisiis
1029 3376 1106 3428 163⁰

121 3481 206 3537 6849
226 3474 371 3535 Gronovii
403 3473 530 3551 (Jacobi.
544 3471 574 3532 J.
597 3471 632 3530 F.
653 3471 702 3544 F.)
724 3470 909 3530 Exercitatio
939 3471 1107 3532 academica

264 3577 302 3639 de
316 3577 446 3659 pernicie
460 3581 489 3637 tr
503 3595 574 3637 casn
585 3575 672 3636 Jodae
687 3599 719 3634 re
729 3573 853 3655 epotare.

827 3679 922 3758 Laod.
937 3678 1009 3737 But.
1031 3684 1107 3737 168³

833 3789 913 3843 6850
934 3779 1107 3842 Hammond
